@book{hechtoptics,
  title={Optics},
  author={Hecht, E.},
  isbn={9781292096933},
  series={Always learning},
  url={https://books.google.cz/books?id=Bv1RrgEACAAJ},
  year={2016},
  publisher={Pearson}
}   

@article{automaticRemovalCA,
  title={Automatic Removal of Chromatic Aberration from a Single Image},
  author={Sing Bing Kang},
  journal={2007 IEEE Conference on Computer Vision and Pattern Recognition},
  year={2007},
  pages={1-8}
}

@misc{elert, title={Aberration â€“ The Physics Hypertextbook}, url={https://physics.info/aberration/}, journal={The Physics Hypertextbook}, author={Elert, Glenn}}

@misc{seidel, title={Philipp Ludwig von Seidel}, url={http://www-history.mcs.st-andrews.ac.uk/Biographies/Seidel.html}, journal={Philipp von Seidel (1821-1896)}}

@ONLINE {josesasian,
    author = "Prof. Jose Sasian",
    title  = "Overview of Aberrations - Lens Design OPTI 517",
    url    = "http://wp.optics.arizona.edu/jsasian/wp-content/uploads/sites/33/2016/02/L3-OPTI517-Aberrations-2.pdf"
}
